@article{nespor05,
  author = {Zdeněk R. Nešpor},
  journal = {Soudobé dějiny},
  title = {České migrace 19. a 20. století a jejich dosavadní studium.},
  year = {2005},
  pages = {245-284},
  volume = {12},
  number = {2},
  issn = {1210-7050},
}

